@article {How_to_glue_perverse_sheaves,
    AUTHOR = {Beilinson, A.A.},
     TITLE = {How to glue perverse sheaves},
   JOURNAL = {K-Theory, Arithmetic and Geometry.},
  FJOURNAL = {Springer, Berlin, Heidelberg},
      YEAR = {1987},
     PAGES = {42--51},
}

@article {The_Grothendieck_duality_theorem_via_Busfield's_techniques_and_{B}rown_representability,
    AUTHOR = {Neeman, Amnon},
     TITLE = {The {G}rothendieck duality theorem via {B}ousfield's
              techniques and {B}rown representability},
   JOURNAL = {J. Amer. Math. Soc.},
  FJOURNAL = {Journal of the American Mathematical Society},
    VOLUME = {9},
      YEAR = {1996},
    NUMBER = {1},
     PAGES = {205--236},
      ISSN = {0894-0347},
   MRCLASS = {18E30 (14F05)},
  MRNUMBER = {1308405},
MRREVIEWER = {Luca Barbieri Viale},
       DOI = {10.1090/S0894-0347-96-00174-9},
       URL = {https://doi.org/10.1090/S0894-0347-96-00174-9},
}

@article {Cusps_and_D-modules,
    AUTHOR = {Ben-Zvi, David and Thomas Nevins},
     TITLE = {Cusps and {$D$}-modules},
   JOURNAL = {Journal of the American Mathematical Society},

    VOLUME = {17.1},
      YEAR = {2004},
     PAGES = {155--179},
}

@article {D-modules_and_crystals,
  title={{$D$}-modules and crystals},
  author={Gaitsgory, Dennis and Rozenblyum, Nick},
  journal={PAMQ},
  volume={10},
  pages={57--155},
  year={2014}
}

@article {Deriving_DG_categories,
    AUTHOR = {Keller, Bernhard},
     TITLE = {Deriving {DG} categories},
   JOURNAL = {Ann. Sci. \'{E}cole Norm. Sup. (4)},
  FJOURNAL = {Annales Scientifiques de l'\'{E}cole Normale Sup\'{e}rieure. Quatri\`eme
              S\'{e}rie},
    VOLUME = {27},
      YEAR = {1994},
    NUMBER = {1},
     PAGES = {63--102},
      ISSN = {0012-9593},
   MRCLASS = {18E30 (16D90)},
  MRNUMBER = {1258406},
MRREVIEWER = {Jeremy Rickard},
       URL = {http://www.numdam.org/item?id=ASENS_1994_4_27_1_63_0},
}

@online {Lectures_on_D-modules,
   author = {Victor Ginzburg},
     title = {Lectures on $\mathcal{D}$-modules},
    url ="http://www.math.harvard.edu/~gaitsgde/grad_2009/Ginzburg.pdf",
  note = {Accessed: 2020},
}



@article {Differential_operators_on_a_cubic_cone,
    AUTHOR = {Bern\v{s}te\u{\i}n, I. N. and Gel'fand, I. M. and Gel'fand, S. I.},
     TITLE = {Differential operators on a cubic cone},
   JOURNAL = {Uspehi Mat. Nauk},
  FJOURNAL = {Akademiya Nauk SSSR i Moskovskoe Matematicheskoe Obshchestvo.
              Uspekhi Matematicheskikh Nauk},
    VOLUME = {27},
      YEAR = {1972},
    NUMBER = {1(163)},
     PAGES = {185--190},
      ISSN = {0042-1316},
   MRCLASS = {32B10},
  MRNUMBER = {0385159},
}

@article{Categorical_resolution_of_singularities,
author = {Lunts, Valery},
year = {2010},
month = {05},
pages = {2977-3003},
title = {Categorical resolution of singularities},
volume = {323},
journal = {Journal of Algebra},
doi = {10.1016/j.jalgebra.2009.12.023}
}

@book{D-modules_perverse_sheaves_and_representation_theory,
    AUTHOR = {Hotta, Ryoshi and Takeuchi, Kiyoshi and Tanisaki, Toshiyuki},
     TITLE = {{$D$}-modules, perverse sheaves, and representation theory},
    SERIES = {Progress in Mathematics},
    VOLUME = {236},
      NOTE = {Translated from the 1995 Japanese edition by Takeuchi},
 PUBLISHER = {Birkh\"{a}user Boston, Inc., Boston, MA},
      YEAR = {2008},
     PAGES = {xii+407},
      ISBN = {978-0-8176-4363-8},
   MRCLASS = {32C38 (14F05 14F10 17B10)},
  MRNUMBER = {2357361},
MRREVIEWER = {Corrado Marastoni},
       DOI = {10.1007/978-0-8176-4523-6},
       URL = {https://doi.org/10.1007/978-0-8176-4523-6},
}

@article{DIFFERENTIAL_OPERATORS_ON_AN_AFFINE_CURVE,
    AUTHOR = {Smith, S. P. and Stafford, J. T.},
     TITLE = {Differential operators on an affine curve},
   JOURNAL = {Proc. London Math. Soc. (3)},
  FJOURNAL = {Proceedings of the London Mathematical Society. Third Series},
    VOLUME = {56},
      YEAR = {1988},
    NUMBER = {2},
     PAGES = {229--259},
      ISSN = {0024-6115},
   MRCLASS = {14H20 (13N05 16A19 16A33 16A65 17B35 32C38)},
  MRNUMBER = {922654},
MRREVIEWER = {Marie-Paule Malliavin},
       DOI = {10.1112/plms/s3-56.2.229},
       URL = {https://doi.org/10.1112/plms/s3-56.2.229},
}



@misc{Introduction_to_algebraic_D-modules,
	 AUTHOR = {Alexander Braverman and Tatyana Chmutova and Pavel Etingof and David Yang},
  title = {Introduction to algebraic {$D$}-modules},
  howpublished ={\url{http://math.mit.edu/~xxu/Course/18.748/EtingofLec.pdf}},
  note = {Accessed: 2020}
}	

@article{Poisson_traces_D-modules_and_symplectic_resolutions,
  title={Poisson traces, {$D$}-modules, and symplectic resolutions},
   volume={108},
   ISSN={1573-0530},
   url={http://dx.doi.org/10.1007/s11005-017-1024-1},
   DOI={10.1007/s11005-017-1024-1},
   number={3},
   journal={Letters in Mathematical Physics},
   publisher={Springer Science and Business Media LLC},
   author={Etingof, Pavel and Schedler, Travis},
   year={2017},
   month={Dec},
   pages={633–678}
}

@article{Crystals_and_the_de_Rham_cohomology_of_schemes,
  title={Crystals and the de {R}ham cohomology of schemes},
  author={Grothendieck, Alexander},
  journal={Dix expos´es sur la cohomologie des sch´emas},
  pages={306–-358},
  year={1968},
}

@article{Quantization_of_Hitchin's_integrable_system_and_Hecke_eigensheaves,
  title={Quantization of {H}itchin's integrable system and {H}ecke eigensheaves},
  author={Beilinson, A and Drinfeld, V},
    howpublished = {\url{http://www.math.uchicago.edu/~mitya/langlands/hitchin/BD-hitchin.pdf}},
  note = {Accessed: 2020}
}	


@article{Generators_and_representability_of_functors_in_commutative_and_noncommutative_geometry,
  title={Generators and representability of functors in commutative and noncommutative geometry},
  author={Bondal, Aleksei Igorevich and Van den Bergh, Michel},
  journal={Moscow Mathematical Journal},
  volume={3},
  number={1},
  pages={1--36},
  year={2003},
  publisher={Независимый Московский университет--МЦНМО}
}

@article{Higher_Algebraic_K-Theory_of_Schemes_and_of_Derived_Categories,
  title={{H}igher {A}lgebraic {K}-Theory of {S}chemes
and of Derived Categories},
  author={TROBAUGH, THOMAS and THOMASON, R.W.},
  journal={The Grothendieck Festschrift},
  volume={88},
  pages={247--435},
  year={1990},
  publisher={Birkhäuser, Boston, MA}
}

@article{Poisson_Traces_and_D-Modules_on_Poisson_Varieties,
  title={Poisson Traces and {$D$}-Modules on {P}oisson {V}arieties},
  author={Pavel Etingof and Travis Schedler},
  journal={Geometric and Functional Analysis},
  year={2009},
  volume={20},
  pages={958-987}
}
@article{The_invariant_holonomic_system_on_a_semisimple_Lie_algebra,
  title={The invariant holonomic system on a semisimple {L}ie algebra},
  author={Ryoshi Hotta and Masaki Kashiwara},
  journal={Inventiones mathematicae},
  year={1984},
  volume={75},
  pages={327-358}
}

@inproceedings{On_the_Injective_Envelope_of_the_Residue_Field_of_a_Local_Ring,
address = "Tokyo, Japan",
author = "Matsumura, Hideyuki",
booktitle = "Commutative Algebra and Combinatorics",
doi = "10.2969/aspm/01110161",
pages = "161--166",
publisher = "Mathematical Society of Japan",
title = "On the {I}njective {E}nvelope of the {R}esidue {F}ield of a {L}ocal {R}ing",
url = "https://doi.org/10.2969/aspm/01110161",
year = "1987"
}

@article{Weakly_normal_varieties,
author = "Leahy, John V. and Vitulli, Marie A.",
fjournal = "Nagoya Mathematical Journal",
journal = "Nagoya Math. J.",
pages = "137--152",
publisher = "Nagoya Mathematical Journal",
title = "Weakly normal varieties: the multicross singularity and some vanishing theorems on local cohomology",
url = "https://projecteuclid.org:443/euclid.nmj/1118786481",
volume = "83",
year = "1981"
}


@article{{Zeroth_Hochschild_homology_of_preprojective_algebras_over_the_integers,
   title={Zeroth Hochschild homology of preprojective algebras over the integers},
   volume={299},
   ISSN={0001-8708},
   url={http://dx.doi.org/10.1016/j.aim.2016.02.015},
   DOI={10.1016/j.aim.2016.02.015},
   journal={Advances in Mathematics},
   publisher={Elsevier BV},
   author={Schedler, Travis},
   year={2016},
   month={Aug},
   pages={451–542}
}
@article{Ind-Coherent_Sheave,
   title={Ind-{C}oherent Sheaves},
   volume={13},
   ISSN={1609-4514},
   url={http://dx.doi.org/10.17323/1609-4514-2013-13-3-399-528},
   DOI={10.17323/1609-4514-2013-13-3-399-528},
   number={3},
   journal={Moscow Mathematical Journal},
   publisher={National Research University, Higher School of Economics (HSE)},
   author={Gaitsgory, Dennis},
   year={2013},
   pages={399–528}
}

@online{Topics_in_Algebraic_Geometry:_D-modules,
	 AUTHOR = {Sergey Arkhipov and
Nikita Nikolaev},
  title = {Topics in Algebraic Geometry: {$D$}-modules},
  howpublished = {\url{http://www.unige.ch/math/folks/nikolaev/assets/files/130726232840.pdf}},
  note = {Accessed: 2020}
}


@article {Characteristic_varieties_and_vanishing_cycles,
    AUTHOR = {Ginsburg, V.},
     TITLE = {Characteristic varieties and vanishing cycles},
   JOURNAL = {Invent. Math.},
  FJOURNAL = {Inventiones Mathematicae},
    VOLUME = {84},
      YEAR = {1986},
    NUMBER = {2},
     PAGES = {327--402},
      ISSN = {0020-9910},
   MRCLASS = {32C38 (35A27 58G07)},
  MRNUMBER = {833194},
MRREVIEWER = {Daniel Barlet},
       DOI = {10.1007/BF01388811},
       URL = {https://doi.org/10.1007/BF01388811},
}

@article{Poisson-de_Rham_homology_of_hypertoric_varieties_and_nilpotent_cones,
author = {Proudfoot, Nicholas and Schedler, Travis},
year = {2017},
month = {01},
pages = {},
title = {Poisson-de {R}ham homology of hypertoric varieties and nilpotent cones},
volume = {23},
journal = {Selecta Mathematica},
doi = {10.1007/s00029-016-0232-3}
}

@article{Geometry_and_topology_of_symplectic_resolutions,
  title={Geometry and topology of symplectic resolutions},
  author={Kaledin, D},
  journal={Algebraic geometry—Seattle 2005. Part},
  volume={2},
  pages={595--628},
  year={2009}
}

@article{The_Van_den_Bergh_duality_and_the_modular_symmetry_of_a_Poisson_variety,
  title={The {V}an den {B}ergh duality and the modular symmetry of a {P}oisson variety},
  author={Dolgushev, Vasiliy},
  journal={Selecta Mathematica},
  volume={14},
  number={2},
  pages={199--228},
  year={2009},
  publisher={Springer}
}

@article{On_the_derived_ring_of_differential_operators_on_a_singularity,
  title={On the derived ring of differential operators on a singularity},
  author={Yang, Haiping},
  year={2021},
  eprint={2110.03100},
  archivePrefix={arXiv},
  primaryClass={math.AG}
}

@article{Coinvariants_of_Lie_algebras_of_vector_fields_on_algebraic_varieties,
      title={Coinvariants of {L}ie algebras of vector fields on algebraic varieties}, 
      author={Pavel Etingof and Travis Schedler},
      year={2012},
      eprint={1211.1883},
      archivePrefix={arXiv},
      primaryClass={math.AG}
}

@misc{Deformations_of_Affine_Varieties_and_the_Deligne_Crossed_Groupoid,
      title={Deformations of Affine Varieties and the {D}eligne Crossed Groupoid}, 
      author={Amnon Yekutieli},
      year={2012},
      eprint={1209.6243},
      archivePrefix={arXiv},
      primaryClass={math.AG}
}

@misc{On_categories_O_of_quiver_varieties_overlying_the_bouquet_graphs,
      title={On categories $\mathcal{O}$ of quiver varieties overlying the bouquet graphs}, 
      author={Boris Tsvelikhovskiy},
      year={2019},
      eprint={1911.08463},
      archivePrefix={arXiv},
      primaryClass={math.RT}
}


@article{Algebraic_index_theorem,
author = {Ryszard Nest and Boris Tsygan},
title = {{Algebraic index theorem}},
volume = {172},
journal = {Communications in Mathematical Physics},
number = {2},
publisher = {Springer},
pages = {223 -- 262},
year = {1995},
doi = {cmp/1104274104},
URL = {https://doi.org/}
}

@article{A_differential_complex_for_Poisson_manifolds,
author = {Jean-Luc Brylinski},
title = {{A differential complex for {P}oisson manifolds}},
volume = {28},
journal = {Journal of Differential Geometry},
number = {1},
publisher = {Lehigh University},
pages = {93 -- 114},
year = {1988},
doi = {10.4310/jdg/1214442161},
URL = {https://doi.org/10.4310/jdg/1214442161}
}

@article{Injective_dimension_of_D-modules_a_characteristic-fre_approach,
title = {Injective dimension of {$D$}-modules: a characteristic-free approach},
journal = {Journal of Pure and Applied Algebra},
volume = {149},
number = {2},
pages = {205-212},
year = {2000},
issn = {0022-4049},
doi = {https://doi.org/10.1016/S0022-4049(98)00175-3},
url = {https://www.sciencedirect.com/science/article/pii/S0022404998001753},
author = {Gennady Lyubeznik}
}

@article{Symplectic_singularities_from_the_Poisson_point_of_view,
  author = {{Kaledin}, D.},
        title = "{Symplectic singularities from the {P}oisson point of view}",
      journal = {arXiv Mathematics e-prints},
     keywords = {Mathematics - Algebraic Geometry},
         year = 2003,
        month = oct,
          eid = {math/0310186},
        pages = {math/0310186},
archivePrefix = {arXiv},
       eprint = {math/0310186},
 primaryClass = {math.AG},
       adsurl = {https://ui.adsabs.harvard.edu/abs/2003math.....10186K},
      adsnote = {Provided by the SAO/NASA Astrophysics Data System}
}

@misc{Towards_a_mathematical_definition_of_Coulomb_branches_of_3-dimensional_N=4_gauge_theories_II,
      title={Towards a mathematical definition of {C}oulomb branches of $3$-dimensional $\mathcal{N}=4$ gauge theories, {II}}, 
      author={Alexander Braverman and Michael Finkelberg and Hiraku Nakajima},
      year={2019},
      eprint={1601.03586},
      archivePrefix={arXiv},
      primaryClass={math.RT}
}

@misc{Koszul_duality_between_Higgs_and_Coulomb_categories_O,
      title={{K}oszul duality between {H}iggs and {C}oulomb categories $\mathcal{O}$}, 
      author={Ben Webster},
      year={2019},
      eprint={1611.06541},
      archivePrefix={arXiv},
      primaryClass={math.RT}
}


@article{Finite_Group_Actions_on_Poisson_Algebras,
author = {Jacques, Alev and Farkas, Daniel},
year = {2003},
month = {01},
pages = {},
title = {{F}inite {G}roup {A}ctions on {P}oisson {A}lgebras},
doi = {10.1007/978-1-4612-0029-1_2}
}


@article{Morita_Equivalence_of_Cherednik_Algebras,
author = {Berest, Yuri and Etingof, Pavel and Ginzburg, Victor},
year = {2002},
month = {08},
pages = {},
title = {{M}orita {E}quivalence of {C}herednik {A}lgebras},
volume = {568},
journal = {Journal fur die Reine und Angewandte Mathematik},
doi = {10.1515/crll.2004.020}
}

@misc{Holonomic_Poisson_manifolds_and_deformations_of_elliptic_algebras,
      title={{H}olonomic {P}oisson manifolds and deformations of elliptic algebras}, 
      author={Brent Pym and Travis Schedler},
      year={2017},
      eprint={1707.06035},
      archivePrefix={arXiv},
      primaryClass={math.AG}
}